@article{Xilink,
        title = {Datasheet Xilink},
}

@article{FPGA1,
        title = {Cours FPGA1},
	author={B.GRANADO & J.DENOULET},
	year={2016}
}

@article{DCC,
        title = {DCC - Digital Command Control for Model Train Sets}
}

@article{Jouef,
        title = {Datasheet locomotive “Jouef” CC 72000}
}

@book{OCAML,
        title = {The OCaml system - Release 4.04 - Documentation and user’s manual},
	author={Xavier Leroy,Damien Doligez, Alain Frisch, Jacques Garrigue, Didier R´emy and J´erˆome Vouillon}
        month = {November},
	year={2016}	
}

@book{LATEX,
        title = {\LaTeX Reference Manual},
	author= {xxx}
	year= {2016}	
}

@book{VHDL,
        title = {VHDL Reference Manual},
	author= {xxx}
	year= {2016}	
}

@book{GIT,
        title = {Version Control with Git},
	author= {Jon Loeliger}
        month = {November},
	year={2009},
	edition={OReilly}
}

